<record><leader>00000cas a22000007a 4500</leader><controlfield tag="001">15668436</controlfield><controlfield tag="008">870511d18911916iaucr ne      0    0eng d</controlfield><datafield ind1=" " ind2=" " tag="010"><subfield code="a">sn 87058199 </subfield></datafield><datafield ind1=" " ind2=" " tag="040"><subfield code="a">INP</subfield><subfield code="b">eng</subfield><subfield code="c">INP</subfield><subfield code="d">OCLCQ</subfield></datafield><datafield ind1=" " ind2=" " tag="042"><subfield code="a">msc</subfield></datafield><datafield ind1="0" ind2=" " tag="130"><subfield code="a">Muscatine journal (Muscatine, Iowa : 1891)</subfield></datafield><datafield ind1="1" ind2="4" tag="245"><subfield code="a">The Muscatine journal.</subfield></datafield><datafield ind1=" " ind2=" " tag="260"><subfield code="a">Muscatine, Iowa :</subfield><subfield code="b">[s.n.],</subfield><subfield code="c">1891-1916.</subfield></datafield><datafield ind1=" " ind2=" " tag="300"><subfield code="a">v.</subfield></datafield><datafield ind1=" " ind2=" " tag="310"><subfield code="a">Semiweekly,</subfield><subfield code="b">&lt;July 24, 1900&gt;-1916</subfield></datafield><datafield ind1=" " ind2=" " tag="321"><subfield code="a">Semiweekly,</subfield><subfield code="b">1891-Feb. 15, 1898</subfield></datafield><datafield ind1=" " ind2=" " tag="321"><subfield code="a">Triweekly,</subfield><subfield code="b">Feb. 17, 1898-&lt;July 13, 1900&gt;</subfield></datafield><datafield ind1="0" ind2=" " tag="362"><subfield code="a">Jan. 6, 1891-Feb. 29, 1916.</subfield></datafield><datafield ind1=" " ind2=" " tag="500"><subfield code="a">Publisher varies.</subfield></datafield><datafield ind1=" " ind2=" " tag="515"><subfield code="a">Issues lack numbering.</subfield></datafield><datafield ind1=" " ind2=" " tag="580"><subfield code="a">Daily eds.: Evening journal (Muscatine, Iowa), &lt;Jan. 2, 1896&gt;-Jan. 24, 1901; Muscatine journal (Muscatine, Iowa : 1901), Jan. 25, 1901-1916.</subfield></datafield><datafield ind1=" " ind2=" " tag="752"><subfield code="a">United States</subfield><subfield code="b">Iowa</subfield><subfield code="c">Muscatine</subfield><subfield code="d">Muscatine.</subfield></datafield><datafield ind1="1" ind2=" " tag="775"><subfield code="t">Evening journal (Muscatine, Iowa)</subfield><subfield code="w">(DLC)sn 88059011</subfield><subfield code="g">&lt;Jan. 2, 1896&gt;-Jan. 24, 1901</subfield></datafield><datafield ind1="1" ind2=" " tag="775"><subfield code="t">Muscatine journal (Muscatine, Iowa : 1901)</subfield><subfield code="w">(DLC)sn 87058204</subfield><subfield code="g">Jan. 25, 1901-1916</subfield></datafield><datafield ind1="0" ind2="0" tag="780"><subfield code="t">Weekly journal (Muscatine, Iowa)</subfield><subfield code="w">(DLC)sn 87058200</subfield></datafield></record>